@Preamble{{\providecommand\pkg{\textsf}}}

@Book{grboek,
  author    = "{Nederlandse Taalunie}",
  title     = "Woordenlijst Nederlandse Taal",
  publisher = "Van Dale",
  year      = 2021,
  url       = "https://woordenlijst.org/"}

@Manual{memdesign,
  author = "Peter Wilson",
  title  = "A Few Notes on Book Design",
  month  = sep,
  year   = 2018,
  url    = "https://mirror.ctan.org/info/memdesign/memdesign.pdf"}

@Webpage{siunits,
  author = "Wikipedia",
  title = "{International System of Units}",
  url   = "https://en.wikipedia.org/wiki/International_System_of_Units"}

@Webpage{templates,
  key    = "Master's thesis",
  title  = "Master's thesis templates of the {Faculty of Engineering Science}",
  url    = "https://eng.kuleuven.be/docs/kulemt/",
  year   = 2025}
