@preamble{{\providecommand*\BibTeX{B{\footnotesize IB}\TeX}}}
@preamble{{\providecommand*\prog[1]{\texttt{#1}}}}

@book{beginlatex,
  author   = "Peter Flynn",
  title    = "Formatting information",
  subtitle = "A beginner's introduction to typesetting with {\LaTeX}",
  date     = "2005-04-04",
  url      = "https://mirror.ctan.org/info/beginlatex/beginlatex.pdf",
  texdoc   = "beginlatex",
  annotation = "This book originally accompanied a 2-day course on using
                the LaTeX typesetting system."}

@book{companion3,
  author    = "Frank Mittelbach and Ulrike Fischer",
  title     = "The {\LaTeX} Companion",
  edition   = "3",
  note      = "With contributions by Javier Bezos, Johannes Braams,
               and Joseph Wright",
  series    = "Tools and Techniques for Computer Typesetting",
  publisher = "Addison-Wesley",
  address   = "Boston, Massachusetts",
  date      = "2023",
  pagenums  = "976 (Part I) and 1008 (Part II)"}

@manual{encguide,
  author = "Frank Mittelbach and Robin Fairbairns and Werner Lemberg",
  title  = "{\LaTeX} font encodings",
  date   = "2016-02-18",
  url    = "https://mirror.ctan.org/macros/latex/base/encguide.pdf",
  annotation = "This document explains the ideas that underpin LaTeX font
                encodings. It also lists the encodings that have already been
                defined."}

@manual{kulemtgl,
  author = "Van Eycken, Luc",
  title  = "Guidelines for writing a master's thesis
            at the {KU~Leuven} {F}aculty of {E}ngineering {S}cience",
  date   = "2025-02-21",
  url    = "https://eng.kuleuven.be/docs/kulemt/guidelines_thesis.pdf"}

@manual{lshort,
  author   = "Tobias Oetiker and Hubert Partl and Irene Hyna and
              Elisabeth Schlegl",
  title    = "A Not So Short Introduction to {\LaTeXe}",
  subtitle = "Or {\LaTeXe} in 139 minutes",
  date     = "2021-03-09",
  url      = "https://mirror.ctan.org/info/lshort/english/lshort.pdf",
  texdoc   = "-l lshort"}

@manual{memchap,
  author = "Lars Madsen",
  title  = "Various chapter styles for the memoir class",
  date   = "2012-04-11",
  url    = "https://mirror.ctan.org/info/latex-samples/MemoirChapStyles/MemoirChapStyles.pdf",
  texdoc = "memoirchapstyles"}

@manual{memdesign,
  author = "Peter Wilson",
  title  = "A Few Notes on Book Design",
  date   = "2018-09-14",
  url    = "https://mirror.ctan.org/info/memdesign/memdesign.pdf"}

@manual{memman,
  author  = "Peter Wilson and Lars Madsen",
  title   = "The Memoir Class for Configurable Typesetting. User Guide",
  date    = "2024-01-26",
  url     = "https://mirror.ctan.org/macros/latex/contrib/memoir/memman.pdf",
  annotation = "User guide for the \cls{memoir} class \cite{pkg:memoir}."}

@manual{pdftex,
  author = "Hàn Thế Thành and others",
  title  = "The {pdf\TeX} user manual",
  date   = "2025-02-13",
  url    = "https://mirrors.ctan.org/systems/doc/pdftex/manual/pdftex-a.pdf",
  texdoc = "pdftex"}

@manual{luatex,
  author = "{LuaTeX development team}",
  title  = "{Lua\TeX} Reference Manual",
  date   = "2025-02-11",
  url    = "https://mirrors.ctan.org/systems/doc/luatex/luatex.pdf",
  texdoc = "luatex"}

@manual{xetex,
  author = "Will Robertson and Khaled Hosny and Karl Berry",
  title  = "The {\XeTeX} reference guide",
  date   = "2025-02-11",
  url    = "https://mirrors.ctan.org/info/xetexref/xetex-reference.pdf",
  texdoc = "xetex"}

@manual{symbols,
  author = "Scott Pakin",
  title  = "The Comprehensive \LaTeX\ Symbol List",
  date   = "2024-01-27",
  url    = "https://mirror.ctan.org/info/symbols/comprehensive/symbols-a4.pdf",
  texdoc = "symbols"}

@manual{tamethebeast,
  author     = "Nicolas Markey",
  title      = "Tame the {BeaST} -- {T}he {B} to {X} of {\BibTeX}",
  shorttitle = "{\BibTeX} tutorial",
  date       = "2009-10-11",
  url        = "https://mirror.ctan.org/info/bibtex/tamethebeast/ttb_en.pdf",
  texdoc     = "tamethebeast",
  annotation = "A BibTeX tutorial."}

@online{siunits,
  author  = "Wikipedia",
  title   = "{International System of Units}",
  url     = "https://en.wikipedia.org/wiki/International_System_of_Units",
  urldate = "2025-02-25"}

@online{CTAN,
  title = "{CTAN}: The {C}omprehensive {TeX} {A}rchive {N}etwork",
  url   = "https://ctan.org/",
  annotation = "CTAN is the central place for all kinds of material around
                TeX."}

@online{learnlatex,
  title   = "Learn LaTeX",
  url     = "https://www.learnlatex.org/en/",
  urldate = "2025-02-25",
  annotation = "Take your first steps with LaTeX, a document preparation system
                designed to produce high-quality typeset output."}

@online{tugstart,
  title   = "Getting started with {TeX}, {LaTeX}, and friends",
  url     = "https://tug.org/begin.html",
  urldate = "2025-02-25"}

@online{fontcatalogue,
  title   = "The {\LaTeX} Font Catalogue",
  url     = "https://tug.org/FontCatalogue/"}

@online{texdoc,
  title    = "\prog{texdoc}",
  subtitle = "Documentation access for TeX Live",
  url      = "https://texdoc.org/",
  texdoc   = "-l \textrm{\textlangle \textit{name}\textrangle}"}

@online{texfaq,
  title   = "The {TeX}{ F}requently {A}sked {Q}uestion List",
  url     = "https://texfaq.org/",
  urldate = "2025-02-25"}

@online{pkg:babelbib,
  author  = "Harald Harders",
  title   = "The \pkg{babelbib} package",
  url     = "https://ctan.org/pkg/babelbib",
  date    = "2021-01-06",
  version = "1.34"}

@online{pkg:biber,
  author   = "Philip Kime and François Charette",
  title    = "\prog{biber}",
  subtitle = "A {\BibTeX} replacement for users of biblatex",
  url      = "https://ctan.org/pkg/biber",
  date     = "2024-03-21",
  version  = "2.20",
  texdoc   = "biber",
  annotation = "To be used with the package \pkg{biblatex}
                  \cite{pkg:biblatex}."}

@online{pkg:biblatex,
  author   = "Philip Kime and Moritz Wemheuer and Philipp Lehman",
  title    = "The \pkg{biblatex} package",
  subtitle = "Programmable bibliographies and citations",
  url      = "https://ctan.org/pkg/biblatex",
  date     = "2024-03-21",
  version  = "3.20",
  texdoc   = "biblatex"}

@online{pkg:fontsetup,
  author   = "Antonis Tsolomitis",
  title    = "The \pkg{fontsetup} package",
  subtitle = "A front-end to fontspec, for selected fonts with math support",
  url      = "https://ctan.org/pkg/fontsetup",
  date     = "2024-11-01",
  version  = "2.3.0",
  texdoc   = "fontsetup",
  annotation = "This package is a simple wrapper-type package that makes the
                setup of fonts easy and quick for LuaLaTeX and XeLaTeX."}

@online{pkg:hyperref,
  author   = "Sebastian Rahtz and Heiko Oberdiek and {The \LaTeX3 Project}",
  title    = "The \pkg{hyperref} package",
  subtitle = "Extensive support for hypertext in \LaTeX",
  url      = "https://ctan.org/pkg/hyperref",
  date     = "2024-11-05",
  version  = "7.01l",
  texdoc   = "hyperref"}

@online{pkg:IEEEtran,
  author  = "Michael Shell",
  title   = "Document class for {IEEE Transactions} journals and conferences",
  url     = "https://ctan.org/pkg/ieeetran",
  date    = "2015-08-26",
  version = "1.8b"}

@manual{pkg:kulemt,
  author  = "Van Eycken, Luc",
  title   = "The \pkg{kulemt} document class",
  url     = "https://eng.kuleuven.be/docs/kulemt/",
  date    = "2025-02-22",
  version = "2.0",
  annotation = "A document class implementing the guidelines of the KU~Leuven
                Faculty of Engineering Science."}

@manual{pkg:kulemt-code,
  author  = "Van Eycken, Luc",
  title   = "The source of the \cls{kulemt} class",
  url     = "https://eng.kuleuven.be/docs/kulemt/",
  date    = "2025-03-09",
  annotation = "The annotated source of the \cls{kulemt}
                class~\cite{pkg:kulemt}."}

@online{pkg:memoir,
  author  = "Peter Wilson and Lars Madsen",
  title   = "The \cls{memoir} document class",
  url     = "https://ctan.org/pkg/memoir",
  date    = "2024-01-26",
  version = "3.8.2",
  texdoc  = "memoir",
  annotation = "The \cls{memoir} class is for typesetting poetry, fiction,
                non-fiction, and mathematical works.
                The \cls{kulemt} class~\cite{pkg:kulemt} is based on  it."}

@online{pkg:microtype,
  author   = "Robert Schlicht",
  title    = "The \pkg{microtype} package",
  subtitle = "Subliminal refinements towards typographical perfection",
  url      = "https://ctan.org/pkg/microtype",
  date     = "2025-02-11",
  version  = "3.2a",
  texdoc   = "microtype",
  annotation = "A LaTeX interface to the micro-typographic extensions available
                in pdfTeX, LuaTeX and XeTeX."}

@online{pkg:natbib,
  author  = "Patrick W. Daly",
  title   = "The \pkg{natbib} package",
  url     = "https://ctan.org/pkg/natbib",
  date    = "2010-09-13",
  version = "8.31b"}

@online{pkg:tikz,
  author  = "Till Tantau",
  title   = "The {TikZ} and {PGF} packages",
  url     = "https://ctan.org/pkg/pgf",
  date    = "2023-01-15",
  version = "3.1.10",
  texdoc  = "tikz",
  annotation = "The \pkg{pgf} package is a platform- and format-independent
                package for creating graphics. It comes with a user-friendly
                syntax layer in the \pkg{tikz} package, which is also described
                in the \href{https://mirrors.ctan.org/graphics/pgf/base/doc/pgfmanual.pdf}{\acro{PGF}~manual}.\\
                See also \citewithtitle{CTAN-tikz}."}

@online{CTAN-tikz,
  title = "{CTAN}: {T}opic page on {PGF} \& {TikZ}",
  url   = "https://ctan.org/topic/pgf-tikz",
  annotation = "\acro{CTAN}'s resources for the Ti\textit{k}Z universe.\\
                Ti\textit{k}Z and PGF examples can be found on
                \url{https://texample.net/tikz/examples/}."}
